@book{calvino2022,
    author = {Calvino, João},
    title = {As Institutas},
    year = {2022},
    edition = {3},
    address = {São Paulo},
    publisher = {Cultura Cristã},
    translator = {Luz, Waldyr Carvalho},
    isbn = {978-65-5989-130-6},
    note = {Título original: Institutio Religionis Christianae, volume único}
}

@book{bavinck2012,
  author    = {Herman Bavinck},
  title     = {Dogmática Reformada: Espírito Santo, Igreja e Nova Criação},
  volume    = {4},
  year      = {2012},
  edition   = {1},
  address   = {São Paulo},
  publisher = {Cultura Cristã},
  translator = {Vagner Barbosa},
  isbn = {978-85-7622-400-6},
  note = {Titulo original: Reformed Dogmatics}
}

@book{berkhof2012,
  author    = {Louis Berkhof},
  title     = {Teologia Sistemática},
  year      = {2012},
  edition = {4},
  address   = {São Paulo},
  publisher = {Cultura Cristã},
  translator = {Odayr Olivetti},
  isbn = {978-85-7622-462-4},
  note = {Título original: Systematic Theology}
}

@book{bonhoeffer1997,
  author        = {Dietrich Bonhoeffer},
  title         = {Vida em comunhão},
  year          = {1997},
  edition       = {3},
  address       = {São Leopoldo - RS},
  publisher     = {Editora Sinodal},
  isbn          = {85-233-0462-2},
  note          = {Obra escrita por Bonhoeffer como orientação para a vida comunitária dos seminaristas de Finkenwalde},
  translator    = {Ilson Kayser},
  language      = {portuguese},
  originaltitle = {Gemeinsames Leben}
}

@book{bonhoeffer1963,
  author        = {Dietrich Bonhoeffer},
  title         = {The Communion of Saints: A Dogmatic Inquiry Into the Sociology of the Church},
  year          = {1963},
  address       = {49 East 33rd St., New York 16, N. Y.},
  publisher     = {Harper \& Row},
  translator    = {William Collins Sons & Co. Ltd., London, and Harper & Row, Inc., New York.},
  originaltitle = {Sanctorum Communio},
  note          = {Obra original da tese de doutorado de Bonhoeffer sobre a comunhão da igreja.}
}

@book{cfw,
    author = {{Assembleia de Westminster}},
    title = {Confissão de Fé de Westminster},
    year = {1646},
    publisher = {Monergismo},
    address = {Online},
    url = {https://monergismo.com/textos/credos/cfw.htm},
    note = {Acesso em: 7 dez. 2024}
}

@book{catecismoMaior,
  author = {{Assembleia de Westminster}},
  title     = {Catecismo Maior de Westminster},
  year      = {1648},
  publisher = {Editora Cultura Cristã},
  address   = {São Paulo}
}

@book{heidelberg,
  author    = {{Igrejas Reformadas da Alemanha}},
  title     = {Catecismo de Heidelberg},
  year      = {1563},
  address   = {Heidelberg},
  publisher = {Monergismo (edição digital)},
  url       = {https://monergismo.com/textos/catecismos/catecismo_heidelberg.htm},
  note      = {Acesso em: 24 abril. 2025}
}

@book{helvetica,
  author    = {{Igrejas Reformadas da Suíça}},
  title     = {Segunda Confissão Helvética},
  year      = {1566},
  address   = {Zurique},
  publisher = {Monergismo (edição digital)},
  url       = {https://monergismo.com/textos/credos/confissao_helvetica.htm},
  note      = {Acesso em: 24 abril. 2025}
}

@book{cdd,
  author    = {{Sínodo de Dort}},
  title     = {Os Cânones de Dort},
  year      = {1618-1619},
  address   = {Dordrecht - Holanda},
  publisher = {Monergismo (edição digital)},
  url       = {https://monergismo.com/textos/credos/dort.htm},
  note      = {Acesso em: 26 abril. 2025}
}

@book{schaeffer2002,
    author = {Francis A. Schaeffer},
    title = {Como viveremos?},
    year = {2002},
    publisher = {Editora Cultura Cristã},
    address = {São Paulo},
    translator = {Carlos Osvaldo Pinto},
    edition = {1}
}

@book{keller2014,
    author = {Timothy Keller},
    title = {Igreja centrada},
    year = {2014},
    publisher = {Vida Nova},
    address = {São Paulo},
    translator = {Israel Belo de Azevedo},
    edition = {1}
}

@book{stott2008,
    author = {John R. W. Stott},
    title = {A missão cristã no mundo moderno},
    year = {2008},
    edition = {2},
    address = {São Paulo},
    publisher = {Editora Candeia},
    translator = {Sant’Anna, Roselene},
    pages = {128},
    isbn = {978-85-7352-173-3},
    note = {Título original: Christian Mission in the Modern World}
}

@book{bibliaGenebra,
    title = {Bíblia de Estudos de Genebra},
    author = {Genebra},
    publisher = {Sociedade Bíblica do Brasil, Editora Cultura Cristã},
    address = {São Paulo},
    year = {2023},
    edition = {3},
    pages = {2496},
    isbn = {978-853-111-1746-6},
    note = {Título original: The Spirit of the Reformation Study Biblie}
}

@book{mathewHenry,
    author = {Mathew Henry},
    title = {Comentário Bíblico Antigo Testamento, Jó a Cantares, Edição Completa},
    publisher = {\gls{cpad}},
    year = {2010},
    edition = {1},
    pages = {1589},
    address = {Caixa Postal 331, 20001-970, Rio de Janeiro, RJ, Brasil},
    isbn = {978-85-263-1014-8},
    note = {Título original: Matthew Henry’s Commentary on the whole Bible – Volume III – Job to Song of Solomon. Obra em domínio público}
}

@misc{calvinoAtos2,
  author = {João Calvino},
  title = {Comentário sobre Atos 2:42},
  howpublished = {\url{https://versiculoscomentados.com.br/index.php/estudo-de-atos-2-42-comentado-e-explicado/}},
  note = {Acesso em: 26 abr. 2025},
  year = {2025}
}

@misc{barnesAtos2,
  author = {Albert Barnes},
  title = {Comentário sobre Atos 2:42},
  howpublished = {\url{https://versiculoscomentados.com.br/index.php/estudo-de-atos-2-42-comentado-e-explicado/}},
  note = {Acesso em: 26 abr. 2025},
  year = {2025}
}

@misc{calvinoAtos4,
  author = {João Calvino},
  title = {Comentário sobre Atos 4:32},
  howpublished = {\url{https://versiculoscomentados.com.br/index.php/estudo-de-atos-4-32-comentado-e-explicado/}},
  note = {Acesso em: 26 abr. 2025},
  year = {2025}
}

@misc{wesleyAtos4,
  author = {John Wesley},
  title = {Comentário sobre Atos 4:32},
  howpublished = {\url{https://versiculoscomentados.com.br/index.php/estudo-de-atos-4-32-comentado-e-explicado/}},
  note = {Acesso em: 26 abr. 2025},
  year = {2025}
}

@misc{barnes1co10,
  author = {Albert Barnes},
  title = {Comentário sobre 1 Coríntios 10:16},
  howpublished = {\url{https://versiculoscomentados.com.br/index.php/estudo-de-1-corintios-10-16-comentado-e-explicado/}},
  note = {Acesso em: 26 abr. 2025},
  year = {2025}
}

@misc{calvino1co10,
  author = {João Calvino},
  title = {Comentário sobre 1 Coríntios 10:16},
  howpublished = {\url{https://versiculoscomentados.com.br/index.php/estudo-de-1-corintios-10-16-comentado-e-explicado/}},
  note = {Acesso em: 26 abr. 2025},
  year = {2025}
}

@misc{calvinoEf2,
  author = {João Calvino},
  title = {Comentário sobre Efésios 2:14},
  howpublished = {\url{https://versiculoscomentados.com.br/index.php/estudo-de-efesios-2-14-comentado-e-explicado/}},
  note = {Acesso em: 26 abr. 2025},
  year = {2025}
}

@book{santos2013,
  title     = {A fé e o símbolo; Primeira catequese aos não cristãos; A disciplina cristã; A continência},
  editor    = {Claudiano Avelino dos Santos},
  translator = {Fabrício Gerardi and D. Paulo A. Mascarenhas Roxo and Gerson F. de Arruda Jr. and Marcos Roberto N. Costa},
  publisher = {Paulus},
  year      = {2013},
  series    = {Coleção Patrística},
  volume    = {32},
  address   = {São Paulo},
  isbn      = {978-85-349-3643-9},
  note      = {Título original: De fide et symbolo / De catechizandis rudibus / De disciplina christiana / De continentia}
}

@book{agostinhoContraParmeniani,
  author    = {Aurélio Agostinho de Hipona},
  title     = {Contra epistulam Parmeniani},
  year      = {século IV},
  publisher = {Sem informação de editora; texto original em latim},
  url       = {https://www.augustinus.it/latino/contro_parmeniano/index2.htm},
  note      = {Consultado em abril de 2025.}
}

@book{didachePaulus2013,
  title        = {Didaqué: O Ensino dos Doze Apóstolos},
  editor       = {Claudiano Avelino dos Santos},
  translator   = {Pe. Ivo Storniolo and Euclides Martins Balancin},
  publisher    = {Paulus},
  year         = {2013},
  edition      = {2},
  address      = {São Paulo},
  note         = {versão ePUB.},
  isbn         = {9788534937689}
}

@misc{wikididaque,
  title = {{Didaquê}},
  howpublished = {\url{https://pt.wikipedia.org/wiki/Didaqu\%C3\%AA}},
  year = {2025},
  note = {Acessado em: 28 abr. de 2025}
}

@book{aquinoCredo2004,
  author    = {Tomás de Aquino},
  title     = {Exposição sobre o Símbolo dos Apóstolos},
  translator= {Dom Odilão Moura, OSB},
  year      = {2004},
  publisher = {Valde},
  address   = {Rio de Janeiro},
  note      = {Título original: Expositio in Symbolum Apostolorum reportatio Reginaldi de Piperno}
}

@book{livroConcordia,
  title = {Livro de Concórdia: As Confissões da Igreja Evangélica Luterana},
  editor = {Darci Drehmer},
  translator = {Arnaldo Schüler},
  edition = {6},
  publisher = {Editora Concórdia; Editora Sinodal; Editora da ULBRA},
  year = {2006},
  address = {Porto Alegre; São Leopoldo; Canoas},
  note = {Título original: Bekenntnisschriften der Kirche. Comissão Interluterana de Literatura, formada pela Igreja Evangélica de Confissão Luterana no Brasil e pela Igreja Evangélica Luterana do Brasil},
  isbn = {85-233-0831-8}
}

@article{peixoto2020ressignificacao,
  author    = {João Ricardo C. G. Peixoto and José Ehrhardt Jr.},
  title     = {Breves notas sobre a ressignificação da privacidade},
  journal   = {Revista Brasileira de Direito Civil},
  volume    = {24},
  year      = {2020},
  pages     = {61--85},
  publisher = {Revista Brasileira de Direito Civil},
  url       = {https://rbdcivil.emnuvens.com.br/rbdc/article/view/230},
  language  = {portuguese}
}

@misc{machado2020,
  author       = {Lécio Machado},
  title        = {A Lei Geral de Proteção de Dados Pessoais Aplicada às igrejas},
  howpublished = {\url{https://www.academia.edu/44240757/A_Lei_Geral_de_Proteção_de_Dados_Pessoais_Aplicada_às_igrejas}},
  year         = {2020},
  month        = feb,
  note         = {Acesso em: 7 fev. 2025},
  language     = {portuguese}
}

@misc{catedras2024,
  author       = {Redação},
  title        = {Igreja é condenada a indenizar fiel por uso indevido de imagem em vídeo viral},
  year         = {2024},
  month        = {jun},
  day          = {21},
  url          = {https://www.catedras.com.br/2024/06/21/igreja-e-condenada-a-indenizar-fiel-por-uso-indevido-de-imagem-em-video-viral/},
  urldate      = {2025-04-29}
}

@misc{migalhas2023,
  author       = {Glenda Gonçalves Gondim},
  title        = {Dano moral transindividual para o vazamento de dados pessoais},
  year         = {2023},
  url          = {https://www.migalhas.com.br/coluna/migalhas-de-responsabilidade-civil/390884/dano-moral-transindividual-para-o-vazamento-de-dados-pessoais},
  note         = {Acesso em: 1 maio 2025},
  urldate      = {2025-05-01}
}

@phdthesis{gondim2015,
  author       = {Glenda Gonçalves Gondim},
  title        = {Responsabilidade civil sem dano: da lógica reparatória à lógica inibitória},
  school       = {Universidade Federal do Paraná},
  year         = {2015},
  type         = {Tese (Doutorado em Direito)},
  address      = {Curitiba},
  url          = {https://acervodigital.ufpr.br/handle/1884/40367},
  note         = {Acesso em: 1 maio 2025}
}

@misc{lgpd2018,
  author       = {LGPD},
  title        = {Lei n° 13.709, de 14 de agosto de 2018},
  subtitle     = {Lei Geral de Proteção de Dados Pessoais (LGPD)},
  year         = {2018},
  month        = {ago},
  note         = {Disponível em: \url{https://www.planalto.gov.br/ccivil_03/_ato2015-2018/2018/lei/l13709.htm}. Acesso em: 2 maio 2025},
  howpublished = {Presidência da República},
  type         = {Lei}
}

@misc{wikipediaGerenciadorSenha,
  author       = {{Wikipédia}},
  title        = {Gerenciador de senha},
  year         = {2025},
  note         = {Artigo da Wikipédia, a enciclopédia livre},
  url          = {https://pt.wikipedia.org/wiki/Gerenciador_de_senha},
  urldate      = {2025-05-02}
}

@misc{souzaMicheletti2024,
  author       = {Lucas de Souza and Lucas Micheletti},
  title        = {A aplicação da LGPD concernente às denominações cristãs},
  year         = {2024},
  howpublished = {\url{https://www.migalhas.com.br/depeso/413848/a-aplicacao-da-lgpd-concernente-as-denominacoes-cristas}},
  note         = {Acesso em: maio de 2025. Versão integral disponível em: \url{https://www.migalhas.com.br/arquivos/2024/8/D5393A4CC497DB_LGPD_denominacoes_cristas2.pdf}}
}

@misc{ippinheiros2022,
  author       = {{Igreja Presbiteriana de Pinheiros}},
  title        = {Política de Privacidade dos Dados Pessoais da Igreja Presbiteriana de Pinheiros},
  year         = {2022},
  month        = jan,
  howpublished = {\url{https://www.ippinheiros.org.br/wp-content/uploads/2022/01/Politica-De-Privacidade-IPPinheiros.pdf}},
  note         = {Acesso em: 02 maio 2025}
}

@misc{jardimdeoracao2025,
  author       = {{Igreja Presbiteriana Jardim de Oração}},
  title        = {Política de Privacidade e Proteção de Dados Pessoais},
  year         = {2025},
  howpublished = {\url{https://jardimdeoracao.com.br/lgpd.pdf}},
  note         = {Acesso em: 02 maio 2025}
}

@misc{silva2023,
  author       = {Silva, Iago},
  title        = {Vídeo: missa é interrompida após mulher flagrar marido com amante},
  year         = {2023},
  month        = nov,
  day          = {14},
  url          = {https://www.metropoles.com/brasil/video-missa-e-interrompida-apos-mulher-flagrar-marido-com-amante},
  note         = {Acesso em: 02 maio 2025},
  organization = {Metrópoles}
}

@book{ipb_codigodisciplina,
  title        = {Código de Disciplina da Igreja Presbiteriana do Brasil},
  author       = {\gls{scipb}},
  year         = {2006},
  publisher    = {Igreja Presbiteriana do Brasil},
  note         = {Inclui a primeira emenda ao CD/IPB (SC - 2006 - DOC. XXXIV)},
  url          = {https://www.executivaipb.com.br/arquivos/codigo_de_disciplina.pdf}
}

@misc{almeida_inchurch_2024,
  author       = {Emanuele Almeida},
  title        = {Vazamento de dados: startup inChurch expõe informações de fiéis, segundo empresa de segurança},
  year         = {2024},
  url          = {https://www.terra.com.br/byte/vazamento-de-dados-startup-inchurch-expoe-informacoes-de-fieis-segundo-empresa-de-seguranca,14a2d2e480b93599e9c7b7be5eb0eab6muv24fzs.html},
  urldate      = {2025-05-03},
  note         = {Publicado em Terra Byte. Acesso em: 3 maio 2025}
}

@online{goodin_lastpass_2022,
  author       = {Dan Goodin},
  title        = {LastPass says hackers have obtained vault data and a wealth of customer info},
  year         = {2022},
  url          = {https://arstechnica.com/information-technology/2022/12/lastpass-says-hackers-have-obtained-vault-data-and-a-wealth-of-customer-info/},
  urldate      = {2025-05-03},
  note         = {Publicado em Ars Technica. Acesso em: 3 maio 2025}
}

@misc{vinton_lastpass_2015,
  author       = {Kate Vinton},
  title        = {Password Manager LastPass Hacked, Exposing Encrypted Master Passwords},
  year         = {2015},
  url          = {https://www.forbes.com/sites/katevinton/2015/06/15/password-manager-lastpass-hacked-exposing-encrypted-master-passwords/},
  urldate      = {2025-05-03},
  note         = {Publicado em Forbes. Acesso em: 3 maio 2025}
}

@article{harvard_cloudact_2018,
  title = {The Privacy Crisis Under the CLOUD Act},
  author = {{Harvard Journal of Law \& Technology}},
  journal = {Harvard Journal of Law \& Technology},
  volume = {32},
  number = {2},
  year = {2018},
  pages = {321--337},
  url = {https://jolt.law.harvard.edu/assets/articlePDFs/v32/32HarvJLTech321.pdf},
  note = {Acesso em: 3 maio 2025}
}

@article{brooklyn_cloudact_2020,
  title = {Digital Privacy Rights and CLOUD Act Agreements},
  author = {Cecil, Daniel B.},
  journal = {Brooklyn Journal of International Law},
  volume = {47},
  number = {1},
  year = {2020},
  pages = {1--36},
  url = {https://brooklynworks.brooklaw.edu/bjil/vol47/iss1/1/},
  note = {Acesso em: 3 maio 2025}
}

@misc{nist_cloud_definition,
  author = {Mell, Peter and Grance, Timothy},
  title = {The NIST Definition of Cloud Computing},
  howpublished = {\url{https://nvlpubs.nist.gov/nistpubs/Legacy/SP/nistspecialpublication800-145.pdf}},
  year = {2011},
  note = {Acesso em: 3 maio 2025}
}

@incollection{pohle_soberania_2020,
  author = {Pohle, Julia and Thiel, Thorsten},
  title = {Digital Sovereignty},
  booktitle = {Digital Constitutionalism},
  editor = {Floridi, Luciano},
  publisher = {transcript / De Gruyter},
  year = {2020},
  pages = {45--68},
  doi = {10.1515/9783839457603-003},
  url  = {https://www.degruyterbrill.com/document/doi/10.1515/9783839457603-003/html},
  note = {Acesso em: 3 maio 2025}
}

@book{owens_dorean_2021,
  author = {Owens, Conley},
  title = {The Dorean Principle: A Biblical Response to the Commercialization of Ministry},
  year = {2021},
  publisher = {FirstLove Publications},
  url = {https://thedoreanprinciple.org}
}
