@book{calvino2022,
    author = {Calvino, João},
    title = {As Institutas},
    year = {2022},
    edition = {3},
    address = {São Paulo},
    publisher = {Cultura Cristã},
    translator = {Luz, Waldyr Carvalho},
    isbn = {978-65-5989-130-6},
    note = {Título original: Institutio Religionis Christianae, volume único}
}

@book{bavinck2012,
  author    = {Herman Bavinck},
  title     = {Dogmática Reformada: Espírito Santo, Igreja e Nova Criação},
  volume    = {4},
  year      = {2012},
  edition   = {1},
  address   = {São Paulo},
  publisher = {Cultura Cristã},
  translator = {Vagner Barbosa},
  isbn = {978-85-7622-400-6},
  note = {Titulo original: Reformed Dogmatics}
}

@book{berkhof2012,
  author    = {Louis Berkhof},
  title     = {Teologia Sistemática},
  year      = {2012},
  edition = {4},
  address   = {São Paulo},
  publisher = {Cultura Cristã},
  translator = {Odayr Olivetti},
  isbn = {978-85-7622-462-4},
  note = {Título original: Systematic Theology}
}

@book{bonhoeffer2009,
  author        = {Dietrich Bonhoeffer},
  title         = {Vida em comunhão},
  year          = {1997},
  edition       = {3},
  address       = {São Leopoldo - RS},
  publisher     = {Editora Sinodal},
  isbn          = {85-233-0462-2},
  note          = {Obra escrita por Bonhoeffer como orientação para a vida comunitária dos seminaristas de Finkenwalde},
  translator    = {Ilson Kayser},
  language      = {portuguese},
  originaltitle = {Gemeinsames Leben}
}


@book{cfw,
    author = {{Assembleia de Westminster}},
    title = {Confissão de Fé de Westminster},
    year = {1646},
    publisher = {Monergismo},
    address = {Online},
    url = {https://monergismo.com/textos/credos/cfw.htm},
    note = {Acesso em: 7 dez. 2024}
}

@book{catecismoMaior,
  author = {{Assembleia de Westminster}},
  title     = {Catecismo Maior de Westminster},
  year      = {1648},
  publisher = {Editora Cultura Cristã},
  address   = {São Paulo}
}

@book{schaeffer2002,
    author = {Schaeffer, Francis A.},
    title = {Como viveremos?},
    year = {2002},
    publisher = {Editora Cultura Cristã},
    address = {São Paulo},
    translator = {Carlos Osvaldo Pinto},
    edition = {1}
}

@book{keller2014,
    author = {Keller, Timothy},
    title = {Igreja centrada},
    year = {2014},
    publisher = {Vida Nova},
    address = {São Paulo},
    translator = {Israel Belo de Azevedo},
    edition = {1}
}

@book{stott2008,
    author = {Stott, John R. W.},
    title = {A missão cristã no mundo moderno},
    year = {2008},
    edition = {2},
    address = {São Paulo},
    publisher = {Editora Candeia},
    translator = {Sant’Anna, Roselene},
    pages = {128},
    isbn = {978-85-7352-173-3},
    note = {Título original: Christian Mission in the Modern World}
}